% Encoding: UTF-8
@article{alice,
  title={The Theory of Lorem},
  author={Al Alice},
  journal={Journal of Foo},
  volume={5},
  number={4},
  pages={123--456},
  year={1992},
  publisher={Springer}
}

@Book{bob,
  title     = {A guide to Ipsum},
  publisher = {Cambridge university press},
  year      = {2010},
  author    = {Bobby Bob},
}
