# PREPRINTS

@article{gelman2017expectation,
  author = {Gelman, Andrew and Vehtari, Aki and Jyl{\"a}nki, Pasi and Sivula, Tuomas and Tran, Dustin and Sahai, Swupnil and Blomstedt, Paul and Cunningham, John P and Schiminovich, David and Robert, Christian},
  title = {Expectation propagation as a way of life: A framework for Bayesian inference on partitioned data},
}

# JOURNAL ARTICLES

@article{kucukelbir2017automatic,
  author = {Kucukelbir, Alp and Tran, Dustin and Ranganath, Rajesh and Gelman, Andrew and Blei, David M},
  title = {Automatic Differentiation Variational Inference},
  journal = {Journal of Machine Learning Research},
  year = {2017},
  volume = {18},
  number = {14},
  pages = {1--45}
}

# CONFERENCE ARTICLES

@inproceedings{tran2015copula,
  author = {Dustin Tran and David M. Blei and Edoardo M. Airoldi},
  title = {Copula variational inference},
  booktitle = {Neural Information Processing Systems},
  year = {2015},
}
